
@article{JCanny,
	    AUTHOR = "Canny, J.",
	    TITLE = "A Computational Approach to Edge Detection",
	    PUBLISHER = "Massachusetts Institute of Technology",
	    ADDRESS = "Cambridge, MA",
	    YEAR = 1986,
	    ISBN = "978-0-596-51613-0",
	    URL = "http://perso.limsi.fr/Individu/vezien/PAPIERS_ACS/canny1986.pdf"}
	   
@article{suzuky,
	    AUTHOR = "Suzuky, S.",
	    TITLE = "A Computational Approach to Edge Detection",
	    PUBLISHER = "Shizuoka University,",
	    ADDRESS = "Hamamatsu 432, Japan",
	    YEAR = 1983,}
	    
@BOOK{learning_opencv,
	    AUTHOR = "Bradski, G. a Kaehler, A.",
	    TITLE = "Learning OpenCV: Computer Vision with the OpenCV Library",
	    PUBLISHER = "O’Reilly Media, Inc.",
	    ADDRESS = "Gravenstein Highway North, Sebastopol, CA",
	    YEAR = 2008,
	    ISBN = "978-0-596-51613-0"}
	    
@book{opencv_cook,
    author    = "Laganière, R.",
    title     = "OpenCV 2 Computer Vision Application Programming Cookbook",
    publisher = "Packt Publishing Ltd.",
    year      = "2011",
    address   = "Birmingham, UK",
    ISBN      = "978-1-849513-24-1",
}

@ONLINE{hsl_hsv_wiki_en,
	author = {Wikipedia contributors},
	title = {HSL and HSV},
	month = feb,
	year = {2013},
	url = {http://en.wikipedia.org/wiki/HSL_and_HSV}
}

@ONLINE{hsv_wiki_cz,
	author = {Wikipedia contributors},
	title = {HSV},
	month = mar,
	year = {2013},
	url = {http://cs.wikipedia.org/wiki/HSV}
}

@ONLINE{canny_wiki_en,
	author = {Wikipedia contributors},
	title = {Canny edge detector},
	month = mar,
	year = {2013},
	url = {http://en.wikipedia.org/wiki/Canny_edge_detector}
}

@manual{OpenCVDoc,
	author = {OpenCV dev team},
	title = {Opencv documentation},
	month = mar,
	year = {2013},
	url = {http://docs.opencv.org/}
}

@ONLINE{cvtColor,
	author = {OpenCV dev team},
	title = {cvtColor},
	month = mar,
	year = {2013},
	url = {http://docs.opencv.org/modules/imgproc/doc/miscellaneous_transformations.html#cvtcolor}
}

@ONLINE{canny,
	author = {OpenCV dev team},
	title = {canny},
	month = mar,
	year = {2013},
	url = {http://docs.opencv.org/modules/imgproc/doc/feature_detection.html#canny}
}

@ONLINE{inrange_doc,
	author = {OpenCV dev team},
	title = {inRange},
	month = mar,
	year = {2013},
	url = {http://docs.opencv.org/modules/core/doc/operations_on_arrays.html#inrange}
}

@ONLINE{convolution,
	author = {Song Ho Ahn},
	title = {Convolution},
	year = {2005},
	url = {http://www.songho.ca/dsp/convolution/convolution.html}
}

@ONLINE{gaussianblur_doc,
	author = {OpenCV dev team},
	title = {gaussianBlur},
	month = mar,
	year = {2013},
	url = {http://docs.opencv.org/modules/imgproc/doc/filtering.html#gaussianblur}
}

@ONLINE{bitwise_not_doc,
	author = {OpenCV dev team},
	title = {bitwise\_not},
	month = mar,
	year = {2013},
	url = {http://docs.opencv.org/modules/core/doc/operations_on_arrays.html#bitwise-not}
}

@ONLINE{findContours_doc,
	author = {OpenCV dev team},
	title = {findContours},
	month = mar,
	year = {2013},
	url = {http://docs.opencv.org/modules/imgproc/doc/structural_analysis_and_shape_descriptors.html#findcontours}
}

@ONLINE{gaussianblur,
	author = {Daniel Rákos},
	title = {Gaussian Blur},
	month = sep,
	year = {2010},
	url = {http://rastergrid.com/blog/2010/09/efficient-gaussian-blur-with-linear-sampling/}
}

@ONLINE{drawcontours_doc,
	author = {OpenCV dev team},
	title = {drawcontours},
	month = mar,
	year = {2013},
	url = {http://docs.opencv.org/modules/core/doc/drawing_functions.html#drawcontours}
}

@ONLINE{boundingrect_doc,
	author = {OpenCV dev team},
	title = {boundingrect},
	month = mar,
	year = {2013},
	url = {http://docs.opencv.org/modules/imgproc/doc/structural_analysis_and_shape_descriptors.html#boundingrect}
}

@ONLINE{contourarea_doc,
	author = {OpenCV dev team},
	title = {contourarea},
	month = mar,
	year = {2013},
	url = {http://docs.opencv.org/modules/imgproc/doc/structural_analysis_and_shape_descriptors.html#contourarea}
}

@ONLINE{fitellipse_doc,
	author = {OpenCV dev team},
	title = {fitEllipse},
	month = mar,
	year = {2013},
	url = {http://docs.opencv.org/modules/imgproc/doc/structural_analysis_and_shape_descriptors.html#fitellipse}
}

@ONLINE{DIP,
	author = {Gábor Blázsovit},
	title = {Digital Image Processing - Interaktívna Učebnica Spracovania Obrazu},
	month = feb,
	year = {2006},
	url = {http://dip.sccg.sk/predspra/predspra.htm}
}