
@article{JCanny,
	    AUTHOR = "Canny, J.",
	    TITLE = "A Computational Approach to Edge Detection",
	    PUBLISHER = "Massachusetts Institute of Technology",
	    ADDRESS = "Cambridge, MA",
	    YEAR = 1986,
	    ISBN = "978-0-596-51613-0",
	    URL = "http://perso.limsi.fr/Individu/vezien/PAPIERS_ACS/canny1986.pdf"}
	   
@article{suzuky,
	    AUTHOR = "Suzuky, S.",
	    TITLE = "A Computational Approach to Edge Detection",
	    PUBLISHER = "Shizuoka University,",
	    ADDRESS = "Hamamatsu 432, Japan",
	    YEAR = 1983,}
	    
@BOOK{learning_opencv,
	    AUTHOR = "Bradski, G., Kaehler, A.",
	    TITLE = "Learning OpenCV: Computer Vision with the OpenCV Library",
	    PUBLISHER = "O’Reilly Media, Inc.",
	    ADDRESS = "Gravenstein Highway North, Sebastopol, CA",
	    YEAR = 2008,
	    ISBN = "978-0-596-51613-0"}
	    
@BOOK{num_metody,
	    AUTHOR = "Babušíková, J., Slodička, M., Weisz, J.",
	    TITLE = "Numerické Metódy",
	    PUBLISHER = "Univerzita Komenského v Bratislave",
	    ADDRESS = "Bratislava, SK",
	    YEAR = 1998}
	    
@book{opencv_cook,
    author    = "Laganière, R.",
    title     = "OpenCV 2 Computer Vision Application Programming Cookbook",
    publisher = "Packt Publishing Ltd.",
    year      = "2011",
    address   = "Birmingham, UK",
    ISBN      = "978-1-849513-24-1",
}

@ONLINE{aproximacia,
	author = {Claudia Csollárová},
	title = {Aproximácia},
	month = jul,
	year = {2005},
	url = {http://www.math.chytrak.cz/math/polynomy/aproximacia.php}
}

@BOOK{mat_an_2,
	    AUTHOR = "Brabec J., Hrůza B.,",
	    TITLE = "Matematická analýza II",
	    PUBLISHER = "SNTL",
	    ADDRESS = "Praha",
	    YEAR = 1986,}
	    
@book{machine_vission,
    author    = "Ramesh, J., Rangachar, K., Brian, S.",
    title     = "Machine Vision",
    publisher = "MIT Press and McGraw-Hill, Inc.",
    year      = "1995",
    address   = "USA",
    ISBN      = "0-07-032018-7",
}

@book{computer_vission_aaa,
    author    = "Szeliski, R.",
    title     = "Computer Vision: Algorithms and Applications",
    publisher = "Springer",
    month = nov,
    year      = "2010",
    address   = "USA",
    ISBN      = "1848829345",
    URL       = "http://www.sci.utah.edu/~gerig/CS6320-S2012/Materials/pages-1-28-Ch1-sm.pdf",
}

@book{hsl_hsv,
    author    = "Agoston, M.",
    title     = "Computer Graphics and Geometric Modeling: Implementation and Algorithms",
    publisher = "Springer",
    year      = "2005",
    address   = "Londýn, UK",
    ISBN      = "1-85233-818-0",
    URL       = "http://books.google.sk/books?id=fGX8yC-4vXUC&pg=PA300&redir_esc=y#v=onepage&q&f=false",
}

@manual{OpenCVDoc,
	author = {OpenCV Dev Team},
	title = {Opencv documentation},
	month = mar,
	year = {2013},
	url = {http://docs.opencv.org/}
}

@ONLINE{convolution,
	author = {Song Ho Ahn},
	title = {Convolution},
	year = {2005},
	url = {http://www.songho.ca/dsp/convolution/convolution.html}
}

@ONLINE{gaussianblur,
	author = {Daniel Rákos},
	title = {Gaussian Blur},
	month = sep,
	year = {2010},
	url = {http://rastergrid.com/blog/2010/09/efficient-gaussian-blur-with-linear-sampling/}
}

@ONLINE{DIP,
	author = {Gábor Blázsovit},
	title = {Digital Image Processing - Interaktívna Učebnica Spracovania Obrazu},
	month = feb,
	year = {2006},
	url = {http://dip.sccg.sk/predspra/predspra.htm}
}

@ONLINE{bmw,
	author = {BMW Automobiles},
	title = {Traffic Sign Recognition},
	year = {2010},
	url = {http://www.bmw.com/}
}

@ONLINE{volvo,
	author = {Volvo},
	title = {Road Sign Information},
	year = {2010},
	url = {http://www.volvocars.com/}
}

@ONLINE{mercedes,
	author = {Mercedes-Benz},
	title = {Road Sign Information},
	year = {2010},
	url = {http://www5.mercedes-benz.com/}
}

@ONLINE{android_dev,
	author = {Android Developers},
	title = {Android dev team},
	year = {2013},
	url = {http://developer.android.com/}
}

@article{tfs_pdf,
	    AUTHOR = "Lorsakul, A., Suthakorn, J.",
	    TITLE = "Traffic Sign Recognition Using Neural Network on OpenCV: Toward Intelligent Vehicle/Driver Assistance System",
	    PUBLISHER = "Mahidol University",
	    ADDRESS = "Thailand",
	    YEAR = 2012,
	    URL = "http://hassan.shojania.com/pdf/Real-time%20traffic%20sign%20detection-Presentation.pdf"}
	   
@article{object_rec_scene,
	    AUTHOR = "Russell, B., Torralba, A., Liu, C., Fergus, R., Freeman, W.",
	    TITLE = "Object Recognition by Scene Alignment",
	    PUBLISHER = "Massachusetts Institute of Technology",
	    ADDRESS = "Cambrige, MA, USA",
	    MONTH = jul,
	    YEAR = 2001,
	    URL = "http://people.csail.mit.edu/torralba/publications/nipsRecognitionBySceneAlignment.pdf "}
	    
@article{object_detection_viola,
	    AUTHOR = "Viola, P., Jones, M.",
	    TITLE = "Robust Real-time Object Detection",
	    PUBLISHER = "Second International Workshop on Statistical and Computational Theories of Vision",
	    ADDRESS = "Vancouver, Canada",
	    MONTH = jul,
	    YEAR = 2001,
	    URL = "http://research.microsoft.com/en-us/um/people/viola/Pubs/Detect/violaJones_IJCV.pdf"}

@ONLINE{android_dev,
	author = {Stergiou, C.,Siganos, D.},
	title = {Neural networks},
	year = {1996},
	url = {http://www.doc.ic.ac.uk/~nd/surprise_96/journal/vol4/cs11/report.html}
}

